@manual{anleitung,
title = {V01 - Lebensdauer kosmischer Myonen},
publisher = {TU Dortmund},
date = {2021-11-08}
}

@software{uncertainties,
  author = "Lebigot, Eric O.",
  title = "Uncertainties: a Python package for calculations with uncertainties",
  url = "http://pythonhosted.org/uncertainties/",
  version = "2.4.6.1"
}
@software{scipy,
  author = "Jones, Eric and Oliphant, Travis E. and Peterson, Pearu and others",
  title = "{SciPy}: Open source scientific tools for {Python}",
  url = "http://www.scipy.org/",
  version = "0.16.0",
}
@article{matplotlib,
  author = "Hunter, John D.",
  title = "{Matplotlib}: A {2D} Graphics Environment",
  publisher = "IEEE",
  year = "2007",
  journal = "Computing in Science \& Engineering",
  volume = "9",
  number = "3",
  pages = "90--95",
  url = "http://matplotlib.org/",
  version = "1.4.3",
}

@article{numpy,
  author = "Oliphant, Travis E.",
  title = "{NumPy}: {Python} for Scientific Computing",
  publisher = "IEEE",
  year = "2007",
  journal = "Computing in Science \& Engineering",
  volume = "9",
  number = "3",
  pages = "10--20",
  url = "http://www.numpy.org/",
  version = "1.9.2",
}

@article{ParticleDataGroup:2020ssz,
    author = "Zyla, P. A. and others",
    collaboration = "Particle Data Group",
    title = "{Review of Particle Physics}",
    doi = "10.1093/ptep/ptaa104",
    journal = "PTEP",
    volume = "2020",
    number = "8",
    pages = "083C01",
    year = "2020"
}
