@manual{anleitung,
title = {V51 - Schaltungen mit OperationsverstÃ¤rkern},
publisher = {TU Dortmund},
date = {2021-11-08}
}
