@manual{anleitung,
title = {V51 - Schaltungen mit OperationsverstÃ¤rkern},
publisher = {TU Dortmund},
date = {2021-11-08}
}

@online{fresnel,
title = {},
url = {https://lp.uni-goettingen.de/get/text/5653},
date = {2021-11-30}
}
