@manual{anleitung,
title = {V49 - Messung von Diffusionskonstanten mittels gepulster Kernspinresonanz},
publisher = {TU Dortmund},
date = {2021-11-08}
}

@manual{info,
title = {Messung von Diffusionskonstanten mittels gepulster Kernspinresonanz: Grundlagen, Wechselwirkungen, Pulsfolgen, Relaxationstheorie und Quadraturdetektion},
publisher = {TU Dortmund},
date = {2021-11-08}
}

@article{SpinGitter,
title = {Proton spin-lattice relaxation in pure water between 0°C and 100°C},
journal = {Physica},
volume = {32},
number = {1},
year = {1966},
author = {K. Krynicki}
}
@software{scipy,
  author = "Jones, Eric and Oliphant, Travis E. and Peterson, Pearu and others",
  title = "{SciPy}: Open source scientific tools for {Python}",
  url = "http://www.scipy.org/",
  version = "0.16.0",
}

@online{gamma,
 author = "The NIST Reference on Constants, Units and Uncertainty",
 title = "Proton gyromagnetic ratio",
 date = {2022-01-03},
 url = {https://physics.nist.gov/cgi-bin/cuu/Value?gammap}
 }
 @online{visko,
  author = "Dominique Thévenin",
  title = "Stoffwerte - Flüssigkeiten",
  date = {2022-01-03},
  url = {https://www.lss.ovgu.de/lss_media/Downloads/Lehre/Stro%CC%88mungsmechanik/Arbeitsheft/IV.pdf}
 }
 @online{diff,
  author = "Olaf Dietrich",
  title = "Diffusion Coefficients of Water",
  date = {2022-01-03},
  url = {https://dtrx.de/od/diff/}
 }
 @article{radius,
author = {Edward, John T.},
title = {Molecular volumes and the Stokes-Einstein equation},
journal = {Journal of Chemical Education},
volume = {47},
number = {4},
year = {1970},
doi = {10.1021/ed047p261}
 }
