@manual{anleitung,
title = {Experimente mit Mikrowellen 1},
publisher = {Philips},
}

@online{klystron,
title = {Klystron},
author = {Christian Wolff},
url = {https://www.radartutorial.eu/08.transmitters/Klystron.de.html},
urldate = {2021-06-28}
}

@book{bandbreite,
title = {Nachrichtenübertragung über Satelliten},
author = {E. Herter und H. Rupp},
date = {1983-07-01},
publisher={Springer},
}
